@online{meshparam,
  author   = {Kai, Hormann and Bruno, Levy and Alla, Sheffer},
  title    = {Mesh Parametrization: Theory and Practice},
  url      = {https://www.inf.usi.ch/hormann/parameterization/CourseNotes.pdf},
  addendum = {(accessed: 02.09.2025)}
}

@online{tachi,
  author   = {Tomohiro Tachi},
  title    = {Architectural Origami},
  url      = {https://courses.csail.mit.edu/6.849/fall10/lectures/L23_images.pdf},
  addendum = {(accessed: 02.09.2025)}
}

@article{ladd,
  author  = {Ladd, MR and Ni√±o, DF and March, JC and Sodhi, CP and Hackam, DJ},
  title   = {Generation of an artificial intestine for the management of short bowel syndrome},
  journal = {Curr Opin Organ Transplant},
  volume  = {21},
  number  = {2},
  pages   = {178--85},
  year    = {2016},
  doi     = {http://dx.doi.org/10.1097/MOT.0000000000000284}
}

@online{house,
  author   = {Chen, Ian and Panetta, Julian and Schnaubelt, Max and Pauly, Mark},
  title    = {Bistable Auxetic Surface Structures},
  url      = {https://parametrichouse.com/auxetic-surface/},
  addendum = {(accessed: 02.09.2025)}
}
