@article{nihhh,
  author   = {Ladd MR},
  title    = {Generation of an artificial intestine for the management of short bowel syndrome},
  journal  = {Curr Opin Organ Transplant},
  volume   = {21},
  number   = {2},
  pages    = {178--85},
  year     = {2016},
  doi      = {http://dx.doi.org/10.1097/MOT.0000000000000284},
  keywords = {intestine}
}

@online{tachi,
  author   = {Tomohiro Tachi},
  title    = {Architectural Origami},
  url      = {https://courses.csail.mit.edu/6.849/fall10/lectures/L23_images.pdf},
  addendum = {(accessed: 02.09.2025)},
  keywords = {origami,architecture}
}

@online{meshparam,
  author   = {Kai, Hormann and Bruno, Levy and Alla, Sheffer},
  title    = {Mesh Parametrization: Theory and Practice},
  url      = {https://www.inf.usi.ch/hormann/parameterization/CourseNotes.pdf},
  addendum = {(accessed: 02.09.2025)},
  keywords = {mesh,parametrization}
}
